<?xml version="1.0" encoding="UTF-8"?>
<marc:record xmlns:marc="http://www.loc.gov/MARC21/slim" xmlns:xml_split="http://xmltwig.com/xml_split" xmlns:xsi="http://www.w3.org/2001/XMLSchema-instance">
      <marc:leader>01688nkcaa2200349 a 4500</marc:leader>
      <marc:controlfield tag="005">20110429083834.0</marc:controlfield>
      <marc:controlfield tag="006">knnn |||||||||||cn</marc:controlfield>
      <marc:controlfield tag="007">kh mom</marc:controlfield>
      <marc:controlfield tag="008">110429k16001699xx nnn |||||| ||||cneng|d</marc:controlfield>
      <marc:datafield ind1="0" ind2=" " tag="100">
         <marc:subfield code="a">Anonymous</marc:subfield>
         <marc:subfield code="c">British School</marc:subfield>
         <marc:subfield active="true" code="d">17th century</marc:subfield>
      </marc:datafield>
      <marc:datafield ind1="1" ind2="0" tag="245">
         <marc:subfield code="a">Portrait of a Girl</marc:subfield>
      </marc:datafield>
      <marc:datafield ind1="1" ind2=" " tag="300">
         <marc:subfield code="e">Graphic reproduction(s) with documentation of a</marc:subfield>
         <marc:subfield code="a">painting</marc:subfield>
      </marc:datafield>
      <marc:datafield ind1=" " ind2=" " index="100" tag="561">
         <marc:subfield code="a">Joseph William Weld, Lulworth Castle (Lulworth Manor), East Lulworth, Dorset, England</marc:subfield>
      </marc:datafield>
      <marc:datafield count="1" ind1="1" ind2=" " tag="590">
         <marc:subfield code="a">Joseph Weld</marc:subfield>
         <marc:subfield code="b">East Lulworth</marc:subfield>
         <marc:subfield code="c">Dorset</marc:subfield>
         <marc:subfield code="d">England</marc:subfield>
         <marc:subfield code="g">private</marc:subfield>
      </marc:datafield>
      <marc:datafield count="2" ind1="4" ind2=" " tag="590">
         <marc:subfield code="a">Wearing a white ruffled dress and a red mantle</marc:subfield>
      </marc:datafield>
      <marc:datafield count="3" ind1="9" ind2=" " tag="590">
         <marc:subfield code="a">Photograph</marc:subfield>
         <marc:subfield code="b">Courtauld Photographic Survey</marc:subfield>
         <marc:subfield code="c">B95/1054 PS</marc:subfield>
         <marc:subfield code="j">Gift</marc:subfield>
         <marc:subfield code="k" person="Courtauld Institute of Art" place="London">Courtauld Institute of Art, London</marc:subfield>
         <marc:subfield code="l">September 1, 2011</marc:subfield>
         <marc:subfield code="n">m</marc:subfield>
      </marc:datafield>
      <marc:datafield ind1=" " ind2=" " tag="556">
         <marc:subfield code="a">Courtauld Institute of Art, London, Photographic Survey. "Lulworth (June 1995): Paintings, Sculpture, Furniture and Architecture." November 2010, p.2 (9)</marc:subfield>
      </marc:datafield>
      <marc:datafield ind1="0" ind2="0" tag="600">
         <marc:subfield code="a">Anonymous</marc:subfield>
         <marc:subfield code="c">British School</marc:subfield>
         <marc:subfield active="true" code="d">17th century</marc:subfield>
      </marc:datafield>
      <marc:datafield ind1=" " ind2="0" tag="650">
         <marc:subfield code="a">Art, British</marc:subfield>
      </marc:datafield>
      <marc:datafield ind1=" " ind2="7" tag="650">
         <marc:subfield code="a">Portraits: Women: Without hands: Head to right</marc:subfield>
         <marc:subfield code="2">local</marc:subfield>
      </marc:datafield>
      <marc:datafield ind1=" " ind2="7" tag="655">
         <marc:subfield code="a">British School</marc:subfield>
         <marc:subfield code="b">School</marc:subfield>
         <marc:subfield code="2">local</marc:subfield>
      </marc:datafield>
      <marc:datafield ind1=" " ind2="7" tag="655">
         <marc:subfield code="a">Paintings (visual works)</marc:subfield>
         <marc:subfield code="2">aat</marc:subfield>
         <marc:subfield code="0">http://vocab.getty.edu/aat/300033618</marc:subfield>
      </marc:datafield>
      <marc:datafield ind1=" " ind2="7" tag="655">
         <marc:subfield code="a">Reproductions</marc:subfield>
         <marc:subfield code="2">aat</marc:subfield>
         <marc:subfield code="0">http://vocab.getty.edu/aat/300015643</marc:subfield>
      </marc:datafield>
      <marc:datafield ind1="2" ind2=" " tag="710">
         <marc:subfield code="a">Frick Art Reference Library</marc:subfield>
      </marc:datafield>
      <marc:datafield ind1="0" ind2=" " tag="790">
         <marc:subfield code="a">Joseph Weld</marc:subfield>
         <marc:subfield code="g">art collection</marc:subfield>
      </marc:datafield>
      <marc:datafield ind1="0" ind2=" " tag="792">
         <marc:subfield code="a">British School (17th century)</marc:subfield>
         <marc:subfield code="d">17th C</marc:subfield>
      </marc:datafield>
      <marc:datafield ind1="8" ind2=" " tag="852">
         <marc:subfield code="a">NNFr</marc:subfield>
         <marc:subfield code="h">British School (17th century), 200, Portrait of a Girl</marc:subfield>
         <marc:subfield code="x">mr</marc:subfield>
      </marc:datafield>
      <marc:datafield ind1=" " ind2=" " tag="996">
         <marc:subfield code="a">.b12858316</marc:subfield>
         <marc:subfield code="b">04-05-17</marc:subfield>
         <marc:subfield code="c">03-06-14</marc:subfield>
      </marc:datafield>
      <marc:datafield ind1=" " ind2=" " tag="997">
         <marc:subfield code="a">fpw</marc:subfield>
         <marc:subfield code="b">03-06-14</marc:subfield>
         <marc:subfield code="c">d</marc:subfield>
         <marc:subfield code="d">k</marc:subfield>
         <marc:subfield code="e">-</marc:subfield>
         <marc:subfield code="f">eng</marc:subfield>
         <marc:subfield code="g">xx</marc:subfield>
         <marc:subfield code="h">0</marc:subfield>
      </marc:datafield>
      <marc:datafield ind1=" " ind2=" " tag="948">
         <marc:subfield code="a">LTI 06/30/2014</marc:subfield>
      </marc:datafield>
      <marc:datafield ind1="4" ind2=" " tag="980">
         <marc:subfield code="a">FARL Mounts File</marc:subfield>
      </marc:datafield>
      <marc:datafield ind1=" " ind2=" " tag="983">
         <marc:subfield code="a">1</marc:subfield>
         <marc:subfield code="b">reproduction(s)</marc:subfield>
      </marc:datafield>
   </marc:record>
   